@article{shiau2006,
  author  = {Shiau, J. T.},
  title   = {Fitting Drought Duration and Severity with Two-Dimensional Copulas},
  journal = {Water Resources Management},
  volume  = {20},
  number  = {5},
  pages   = {795--815},
  year    = {2006},
  doi     = {10.1007/s11269-005-9008-9},
  url     = {https://doi.org/10.1007/s11269-005-9008-9}
}
@article{rodrigo2020recovering,
  author  = {S Rodrigo, F.},
  title   = {Recovering Climatic Data from Documentary Sources: A Case Study of the Climate in Southern Spain from 1792 to 1808},
  journal = {MDPI AG},
  year    = {2020},
  doi     = {10.20944/preprints202002.0058.v1},
  url     = {https://doi.org/10.20944/preprints202002.0058.v1}
}

@article{othman2022suitability,
  author  = {Othman, D. O. and Hameed, S. M. A.-E. and Noreldin, T.},
  title   = {Suitability of Representative Concentration Pathway Climate Change Scenarios to Project Weather Elements in the Agro-climatic Zones of Egypt},
  journal = {International Journal of Environment and Climate Change},
  year    = {2022},
  pages   = {579--588},
  doi     = {10.9734/ijecc/2022/v12i121495},
  url     = {https://doi.org/10.9734/ijecc/2022/v12i121495}
}
@article{leopold2006colluvium,
  author  = {Leopold, M. and Völkel, J.},
  title   = {Colluvium: Definition, differentiation, and possible suitability for reconstructing Holocene climate data},
  journal = {Quaternary International},
  year    = {2006},
  volume  = {162},
  pages   = {133--140},
  doi     = {10.1016/j.quaint.2006.10.030},
  url     = {https://doi.org/10.1016/j.quaint.2006.10.030}
}
@misc{spence2018baker,
  author = {Spence, C. and Hedstrom, N.},
  title  = {Baker Creek Research Catchment Hydrometeorological and Hydrological Data},
  year   = {2018},
  doi    = {10.20383/101.026},
  url    = {https://doi.org/10.20383/101.026}
}
@article{vanhateren2019evaluating,
  author  = {Van Hateren, T. C. and Sutanto, S. J. and Van Lanen, H. A. J.},
  title   = {Evaluating skill and robustness of seasonal meteorological and hydrological drought forecasts at the catchment scale – Case Catalonia (Spain)},
  journal = {Environment International},
  year    = {2019},
  volume  = {133},
  pages   = {105206},
  doi     = {10.1016/j.envint.2019.105206},
  url     = {https://doi.org/10.1016/j.envint.2019.105206}
}
@incollection{sharma2022,
  author    = {Sharma, A. and Goyal, M. K. and Bejagam, V.},
  title     = {Aplicaciones de teledetección en el monitoreo y predicción de sequías},
  booktitle = {Aplicaciones de teledetección en el monitoreo y predicción de sequías},
  pages     = {59--85},
  publisher = {Springer Nature Singapore},
  year      = {2022},
  doi       = {10.1007/978-981-19-0725-8_5},
  url       = {https://doi.org/10.1007/978-981-19-0725-8_5}
}
@article{yang2023,
  author  = {Yang, H. and Yuan, X. and Ma, F.},
  title   = {El papel de las actividades humanas en el debilitamiento de la relación de propagación entre las sequías meteorológicas e hidrológicas en la cuenca del río Heihe},
  journal = {Hydrological Processes},
  volume  = {37},
  number  = {7},
  year    = {2023},
  doi     = {10.1002/hyp.14946},
  url     = {https://doi.org/10.1002/hyp.14946}
}
@book{eslamian,
  editor    = {Saeid Eslamian and Faezeh A. Eslamian},
  title     = {Handbook of Drought and Water Scarcity (Three-Volume Set) [Manual de sequía y escasez de agua (Tres volúmenes)]},
  year      = {2017},
  publisher = {CRC Press},
  address   = {Boca Raton, FL, USA},
  isbn      = {978-1-498-73102-7},
  url       = {https://doi.org/10.1201/9781315226783},
  note      = {Three-Volume Set: Principles of Drought and Water Scarcity}
}



@incollection{wilhite2000drought,
  author    = {Wilhite, D. A.},
  title     = {Drought as a natural hazard: Concepts and definitions},
  booktitle = {Drought: A Global Assessment},
  editor    = {Wilhite, D.},
  volume    = {1},
  pages     = {3--18},
  publisher = {Routledge Publishers},
  address   = {London, U.K.},
  year      = {2000}
}
@article{suc1984origin,
  author  = {Suc, J.-P.},
  title   = {Origin and evolution of the Mediterranean vegetation and climate in Europe},
  journal = {Nature},
  volume  = {307},
  pages   = {429--432},
  year    = {1984}
}
@article{scholz2007megadroughts,
  author  = {Scholz, C. A. and others},
  title   = {East African megadroughts between 135 and 75 thousand years ago and bearing on early-modern human origins},
  journal = {Proceedings of the National Academy of Sciences of the United States of America},
  volume  = {104},
  pages   = {16416--16421},
  year    = {2007}
}
@article{haug2003maya,
  author  = {Haug, G. H. and others},
  title   = {Climate and the collapse of Maya civilization},
  journal = {Science},
  volume  = {299},
  pages   = {1731--1735},
  year    = {2003}
}

@article{dominguez2012droughts,
  author  = {Domínguez-Castro, F. and others},
  title   = {Assessing extreme droughts in Spain during 1750--1850 from rogation ceremonies},
  journal = {Climate of the Past},
  volume  = {8},
  pages   = {705--722},
  year    = {2012}
}

@article{hughes1994rainfall,
  author  = {Hughes, M. K. A. and others},
  title   = {Preliminary reconstruction of rainfall in North-Central China since A.D. 1600 from tree-ring density and width},
  journal = {Quaternary Research},
  volume  = {42},
  pages   = {88--99},
  year    = {1994}
}

@article{cook2004aridity,
  author  = {Cook, E. R. and others},
  title   = {Long-term aridity changes in the western United States},
  journal = {Science},
  volume  = {306},
  pages   = {1015--1018},
  year    = {2004}
}
@article{dai2013drought,
  author  = {Dai, A.},
  title   = {Aumento de sequías bajo el calentamiento global en observaciones y modelos},
  journal = {Nature Climate Change},
  volume  = {3},
  pages   = {52--58},
  year    = {2013}
}

@article{easterling1997temperature,
  author  = {Easterling, D. R. and others},
  title   = {Tendencias de temperatura máxima y mínima a nivel global},
  journal = {Science},
  volume  = {277},
  pages   = {364--367},
  year    = {1997}
}

@article{karl1986sensitivity,
  author  = {Karl, T. R.},
  title   = {La sensibilidad del índice de severidad de sequía de Palmer y el índice z de Palmer a sus coeficientes de calibración, incluyendo la evapotranspiración potencial},
  journal = {Journal of Climate and Applied Meteorology},
  volume  = {25},
  pages   = {77--86},
  year    = {1986}
}
@article{trenberth2011precipitation,
  author  = {Trenberth, K. E.},
  title   = {Cambios en la precipitación debido al cambio climático},
  journal = {Climate Research},
  volume  = {47},
  pages   = {123--138},
  year    = {2011}
}
@article{wang2013solar,
  author  = {Wang, K. and Dickinson, R. E.},
  title   = {Contribución de la radiación solar a la variabilidad decadal de la temperatura en tierra},
  journal = {Proceedings of the National Academy of Sciences of the United States of America},
  volume  = {110},
  number  = {37},
  pages   = {14877--14882},
  year    = {2013}
}

@article{simmons2010humidity,
  author  = {Simmons, A. J. and Willett, K. M. and Jones, P. D. and Thorne, P. W. and Dee, D. P.},
  title   = {Variaciones de baja frecuencia en la humedad atmosférica superficial, temperatura y precipitación: Inferencias de reanálisis y conjuntos de datos observacionales mensuales en cuadrícula},
  journal = {Journal of Geophysical Research D: Atmosphere},
  volume  = {115},
  pages   = {D01110},
  year    = {2010}
}

@article{mcvicar2010winds,
  author  = {McVicar, T. R. and Roderick, M. L.},
  title   = {Vientos de cambio},
  journal = {Nature Geoscience},
  volume  = {3},
  pages   = {747--748},
  year    = {2010}
}

@article{hoerling2012mediterranean,
  author  = {Hoerling, M. and Eischeid, J. and Perlwitz, J. and Quan, X. and Zhang, T. and Pegion, P.},
  title   = {Sobre el aumento de la frecuencia de sequías en el Mediterráneo},
  journal = {Journal of Climate},
  volume  = {25},
  pages   = {2146--2161},
  year    = {2012}
}

@article{nicholls2006australian,
  author  = {Nicholls, N.},
  title   = {Detectar y atribuir el cambio climático australiano: Una revisión},
  journal = {Australian Meteorological Magazine},
  volume  = {55},
  pages   = {199--211},
  year    = {2006}
}

@article{vecchi2007tropical,
  author  = {Vecchi, G. A. and Soden, B. J.},
  title   = {Calentamiento global y debilitamiento de la circulación tropical},
  journal = {Journal of Climate},
  volume  = {20},
  pages   = {4316--4340},
  year    = {2007}
}
@misc{senamhi2023,
  author       = {{Servicio Nacional de Meteorología e Hidrología del Perú (SENAMHI)}},
  year         = {2023},
  title        = {Red de estaciones meteorológicas},
  howpublished = {\url{https://www.senamhi.gob.pe}},
  note         = {Accedido: 16 noviembre 2024}
}

@book{ipcc2021,
  author    = {{IPCC}},
  year      = {2021},
  title     = {Climate Change 2021: The Physical Science Basis. Contribution of Working Group I to the Sixth Assessment Report of the Intergovernmental Panel on Climate Change},
  publisher = {Cambridge University Press},
  address   = {Cambridge, UK},
  url       = {https://www.ipcc.ch/report/ar6/wg1/}
}

@misc{nasa_modis,
  author       = {{NASA}},
  year         = {2024},
  title        = {Moderate Resolution Imaging Spectroradiometer (MODIS)},
  howpublished = {\url{https://modis.gsfc.nasa.gov}},
  note         = {Accedido: 16 noviembre 2024}
}

@misc{sentinel3,
  author       = {{European Space Agency (ESA)}},
  year         = {2024},
  title        = {Sentinel-3 Mission Overview},
  howpublished = {\url{https://sentinel.esa.int/web/sentinel/missions/sentinel-3}},
  note         = {Accedido: 16 noviembre 2024}
}

@misc{era5,
  author       = {{European Centre for Medium-Range Weather Forecasts (ECMWF)}},
  year         = {2024},
  title        = {ERA5: Fifth Generation of ECMWF Atmospheric Reanalyses of the Global Climate},
  howpublished = {\url{https://www.ecmwf.int/en/forecasts/datasets/reanalysis-datasets/era5}},
  note         = {Accedido: 16 noviembre 2024}
}

@misc{worldclim,
  author  = {Fick, S. E. and Hijmans, R. J.},
  year    = {2017},
  title   = {WorldClim 2: New 1-km Spatial Resolution Climate Surfaces for Global Land Areas},
  journal = {International Journal of Climatology},
  volume  = {37},
  number  = {12},
  pages   = {4302--4315},
  doi     = {10.1002/joc.5086}
}

@misc{nasa_power,
  author       = {{NASA}},
  year         = {2024},
  title        = {Prediction of Worldwide Energy Resources (POWER)},
  howpublished = {\url{https://power.larc.nasa.gov}},
  note         = {Accedido: 16 noviembre 2024}
}
@article{Hoerling2013,
  author  = {Hoerling, M. and Kumar, A. and Dole, R. and Nielsen-Gammon, J. and Eischeid, J. and Perlwitz, J. and Quan, X. and Zhang, T. and Pegion, P. and Chen, M.},
  title   = {Anatomía de un evento extremo},
  journal = {Journal of Climate},
  volume  = {26},
  pages   = {2811--2832},
  year    = {2013}
}

@article{Houze2011,
  author  = {Houze, R. A. and Rasmussen, K. L. and Medina, S. and Brodzik, S. R. and Romatschke, U.},
  title   = {Eventos atmosféricos anómalos que llevaron a las inundaciones de verano de 2010 en Pakistán},
  journal = {Bulletin of the American Meteorological Society},
  volume  = {92},
  pages   = {291--298},
  year    = {2011}
}

@article{Tripoli2005,
  author  = {Tripoli, G. J. and Medaglia, C. M. and Dietrich, S. and Mugnai, A. and Panegrossi, G. and Pinori, S. and Smith, E. A.},
  title   = {El evento de lluvia extrema del 9-10 de noviembre de 2001 en Argelia},
  journal = {Unknown Journal},
  pages   = {---},
  year    = {2005}
}

@misc{Wikipedia2016,
  author = {{Wikipedia}},
  title  = {Sequía},
  year   = {2016},
  url    = {https://en.wikipedia.org/wiki/Drought},
  note   = {Último acceso: 26 de diciembre de 2016}
}

@article{Becker2013,
  author  = {Becker, A. and Finger, P. and Meyer-Christoffer, A. and Rudolf, B. and Schamm, K. and Schneider, U. and Ziese, M.},
  title   = {Una descripción de los productos de datos de precipitación del Global Precipitation Climatology Centre con aplicaciones de análisis centenales},
  journal = {Earth System Science Data},
  volume  = {5},
  pages   = {71--99},
  year    = {2013}
}

@article{Schneider2013,
  author  = {Schneider, U. and Becker, A. and Finger, P. and Meyer-Christoffer, A. and Ziese, M. and Rudolf, B.},
  title   = {Nueva climatología de precipitación de GPCC basada en datos controlados por calidad y su papel en la cuantificación del ciclo global del agua},
  journal = {Theoretical and Applied Climatology},
  volume  = {115},
  issue   = {1},
  pages   = {15--40},
  year    = {2013}
}

@article{Schneider2015,
  author = {Schneider, U. and Ziese, M. and Becker, A. and Meyer-Christoffer, A. and Finger, P.},
  title  = {Productos de análisis de precipitación global de GPCC},
  year   = {2015},
  url    = {ftp://ftp-anon.dwd.de/pub/data/gpcc/PDF/GPCC_intro_products_2008.pdf},
  note   = {Último acceso: 26 de diciembre de 2016}
}

@article{Bitew2012,
  author  = {Bitew, M. and Gebremichael, M. and Ghebremichael, L. T. and Bayissa, Y. A.},
  title   = {Evaluación de productos de lluvia satelital de alta resolución en simulación de caudal},
  journal = {Journal of Hydrometeorology},
  volume  = {13},
  pages   = {338--350},
  year    = {2012}
}

@article{Gianotti2012,
  author  = {Gianotti, R. L. and Zhang, D. and Eltahir, E. A. B.},
  title   = {Evaluación de modelos climáticos regionales usando diferentes esquemas},
  journal = {Journal of Climate},
  volume  = {25},
  pages   = {638--656},
  year    = {2012}
}

@article{Gourley2011,
  author  = {Gourley, J. J. and Hong, Y. and Flamig, Z. L. and Wang, J. and Vergara, H. and Anagnostou, E. N.},
  title   = {Evaluación hidrológica de estimaciones de lluvia combinadas de radar, satélite y pluviómetros},
  journal = {Journal of Hydrometeorology},
  volume  = {12},
  pages   = {973--988},
  year    = {2011}
}

@inbook{Khanbilvardi2014,
  author    = {Khanbilvardi, R. and Lakhankar, T. and Krakauer, N. and Nazari, R. and Powell, A.},
  title     = {Datos e información de teledetección para monitoreo hidrológico},
  booktitle = {Handbook of Engineering Hydrology, Vol. 2: Modeling, Climate Change, and Variability},
  editor    = {Eslamian, S.},
  publisher = {Taylor \& Francis},
  year      = {2014}
}
@article{Su2011,
  author  = {Su, F. and Gao, H. and Huffman, G. J. and Lettenmaier, D. P.},
  title   = {Estimaciones TMPA-RT para predicción de caudales en tiempo real},
  journal = {Journal of Hydrometeorology},
  volume  = {12},
  pages   = {444--455},
  year    = {2011}
}
@article{Wu2012,
  author  = {Wu, H. and Adler, R. F. and Hong, Y. and Tian, Y. and Policelli, F.},
  title   = {Detección de inundaciones globales usando datos de lluvia satelitales},
  journal = {Journal of Hydrometeorology},
  volume  = {13},
  pages   = {1268--1284},
  year    = {2012}
}
@article{Skvortsov1950,
  author    = {Skvortsov, A. A.},
  title     = {On the question of heat and water exchange in the surface air (in Russian)},
  journal   = {Transactions of Middle Asian State University},
  volume    = {22},
  number    = {6},
  year      = {1950},
  publisher = {Moscow Soviet Union}
}
@book{Sivakumar2005,
  editor    = {Sivakumar, M. V. K. and Motha, R. P. and Das, H. P.},
  title     = {Natural Disaster and Extreme Events in Agriculture},
  publisher = {Springer},
  address   = {Berlin/Heidelberg/New York},
  year      = {2005},
  pages     = {367}
}
@article{Wu2004,
  author  = {Wu, H. and Wilhite, D. A.},
  title   = {Un modelo operativo de evaluación del riesgo de sequía agrícola para Nebraska, EE. UU.},
  journal = {Natural Hazards},
  volume  = {33},
  pages   = {1--21},
  year    = {2004}
}
@incollection{Sivakumar2010Drought,
  author    = {Sivakumar, M. V. K. and Wilhite, D. A. and Svoboda, M. D. and Hayes, M. and Motha, R.},
  title     = {Drought and meteorological droughts},
  booktitle = {Global Assessment Report: GAR 2011 on Disaster Risk Reduction},
  publisher = {UNISDR},
  address   = {Geneva, Switzerland},
  year      = {2010},
  pages     = {1--26}
}

@book{Wilhite2018,
  editor    = {Donald A. Wilhite and Roger S. Pulwarty},
  title     = {Drought and Water Crises: Integrating Science, Management, and Policy},
  edition   = {2nd},
  year      = {2018},
  publisher = {CRC Press, Taylor \& Francis Group},
  address   = {Boca Raton, FL},
  isbn      = {978-1-138-03564-5},
  url       = {https://lccn.loc.gov/2017017957},
  note      = {1st edition published in 2005}
}
@book{lozano2018clima,
  author    = {Lozano-Rivas, W. A.},
  title     = {Clima, hidrología y meteorología: Para ciencias ambientales e ingeniería},
  year      = {2018},
  publisher = {Universidad Piloto de Colombia},
  address   = {Colombia}
}
@manual{senamhi2023calidad,
  title        = {Manual Técnico de Control de Calidad de Datos Meteorológicos e Hidrológicos},
  author       = {{Servicio Nacional de Meteorología e Hidrología del Perú (SENAMHI)}},
  year         = {2023},
  organization = {SENAMHI},
  address      = {Perú},
  note         = {Disponible en formato PDF}
}
@inproceedings{lakatos2010,
  author    = {Lakatos, M. and Szentimrey, T. and Bihari, Z.},
  title     = {Analysis of long time Standard Precipitation Index series to detect the drought frequency changes in Hungary},
  booktitle = {European Conference on Applied Climatology (ECAC)},
  year      = {2010},
  address   = {Zürich, Switzerland},
  month     = {September 13--17}
}

@inproceedings{mckee1993,
  author    = {McKee, T. B. and Doesken, N. J. and Kleist, J.},
  title     = {The relationship of drought frequency and duration to timescales},
  booktitle = {Preprints, Eighth Conference on Applied Climatology},
  year      = {1993},
  publisher = {American Meteorological Society},
  address   = {Anaheim, CA},
  pages     = {179--184}
}

@incollection{steinemann2005,
  author    = {Steinemann, A. and Hayes, M. A. and Cavalcanti, L.},
  title     = {Drought indicators and triggers},
  booktitle = {Drought and Water Crises: Science Technology and Management Issues},
  editor    = {Wilhite, D. A.},
  publisher = {Marcel Dekker Inc.},
  year      = {2005},
  address   = {New York},
  pages     = {71--90}
}

@article{palmer1965,
  author    = {Palmer, W.C.},
  title     = {Meteorological Drought},
  journal   = {Research Paper No. 45},
  year      = {1965},
  publisher = {U.S. Weather Bureau},
  address   = {Washington, DC}
}

@article{mirabbasi2013,
  author  = {Mirabbasi, R. and Fakheri-Fard, A. and Dinpashoh, Y.},
  title   = {Bivariate drought frequency analysis using the copula method},
  journal = {Journal of Hydrology},
  year    = {2013},
  volume  = {492},
  pages   = {35--48},
  doi     = {10.1016/j.jhydrol.2013.04.004}
}

@article{guttman1999,
  author  = {Guttman, N. B.},
  title   = {Accepting the standardized precipitation index: A calculation algorithm},
  journal = {Journal of the American Water Resources Association},
  year    = {1999},
  volume  = {35},
  number  = {2},
  pages   = {311--322},
  doi     = {10.1111/j.1752-1688.1999.tb03592.x}
}

@article{pereira2004,
  author  = {Pereira, L. S. and Paulo, A. A.},
  title   = {Assessment of drought severity using the Palmer Drought Severity Index and Cumulative Rainfall Anomalies: A case study in Southern Portugal},
  journal = {Agricultural Water Management},
  year    = {2004},
  volume  = {64},
  number  = {1},
  pages   = {31--52},
  doi     = {10.1016/S0378-3774(03)00176-7}
}

@article{cancilliere2006,
  author  = {Cancilliere, A. and Mauro, G. and Bonaccorso, B.},
  title   = {A probabilistic characterization of drought properties based on regional drought duration and severity},
  journal = {Journal of Hydrology},
  year    = {2006},
  volume  = {331},
  number  = {3-4},
  pages   = {260--273},
  doi     = {10.1016/j.jhydrol.2006.05.027}
}
@book{agnew2000,
  author    = {Agnew, Clive T.},
  title     = {Drought Network News},
  year      = {2000},
  publisher = {University of Nebraska, Lincoln},
  volume    = {12},
  number    = {6},
  address   = {Lincoln, NE}
}


@book{thornthwaite1948,
  author  = {Thornthwaite, C. W.},
  title   = {An Approach toward a Rational Classification of Climate},
  journal = {Geographical Review},
  year    = {1948},
  volume  = {38},
  pages   = {55--94}
}
@article{favre2004,
  author  = {Favre, A. C. and Adlouni, S. and Perreault, L. and Thiémonge, N. and Bobée, B.},
  title   = {Multivariate hydrological frequency analysis using copulas},
  journal = {Water Resources Research},
  volume  = {40},
  number  = {1},
  pages   = {W01101},
  year    = {2004}
}

@article{grimaldi2006a,
  author  = {Grimaldi, S. and Serinaldi, F.},
  title   = {Asymmetric copula in multivariate flood frequency analysis},
  journal = {Advances in Water Resources},
  volume  = {29},
  number  = {8},
  pages   = {1155--1167},
  year    = {2006}
}

@article{grimaldi2006b,
  author  = {Grimaldi, S. and Serinaldi, F.},
  title   = {Design hyetographs analysis with 3-copula function},
  journal = {Hydrological Sciences Journal},
  volume  = {51},
  number  = {2},
  pages   = {223--238},
  year    = {2006}
}

@book{joe1997,
  author    = {Joe, H.},
  title     = {Multivariate models and dependence concepts},
  publisher = {Chapman and Hall},
  address   = {London},
  year      = {1997}
}

@book{nelsen2006,
  author    = {Nelsen, R. B.},
  title     = {An introduction to copulas},
  edition   = {2nd},
  publisher = {Springer-Verlag},
  address   = {New York},
  year      = {2006}
}

@article{salvadori2007,
  author  = {Salvadori, G. and De Michele, C.},
  title   = {On the use of copulas in hydrology: theory and practice},
  journal = {Journal of Hydrologic Engineering},
  volume  = {12},
  number  = {4},
  pages   = {369--380},
  year    = {2007}
}

@article{zhang2007a,
  author  = {Zhang, L. and Singh, V. P.},
  title   = {Gumbel--Hougaard copula for trivariate rainfall frequency analysis},
  journal = {Journal of Hydrologic Engineering},
  volume  = {12},
  number  = {4},
  pages   = {409--419},
  year    = {2007}
}

@article{zhao2011,
  author  = {Zhao, N. and Lin, W. T.},
  title   = {A copula entropy approach to correlation measurement at the country level},
  journal = {Applied Mathematics and Computation},
  volume  = {218},
  number  = {2},
  pages   = {628--642},
  year    = {2011}
}

@article{steuer2002,
  author  = {Steuer, R. and Kurths, J. and Daub, C. O. and Weise, J. and Selbig, J.},
  title   = {The mutual information: detecting and evaluating dependencies between variables},
  journal = {Bioinformatics},
  volume  = {18},
  pages   = {231--240},
  year    = {2002}
}
@article{molini2006,
  author  = {Molini, A. and La Barbera, P. and Lanza, L. G.},
  title   = {Correlation patterns and information flows in rainfall fields},
  journal = {Journal of Hydrology},
  volume  = {322},
  number  = {1--4},
  pages   = {89--104},
  year    = {2006}
}
@article{singh1997,
  author  = {Singh, V. P.},
  title   = {The use of entropy in hydrology and water resources},
  journal = {Hydrological Processes},
  volume  = {11},
  pages   = {587--626},
  year    = {1997}
}
@article{harmancioglu1987,
  author  = {Harmancioglu, N. B. and Yevjevich, V.},
  title   = {Transfer of hydrologic information among river points},
  journal = {Journal of Hydrology},
  volume  = {91},
  pages   = {103--111},
  year    = {1987}
}








@book{chen2019,
  author    = {Lu Chen and Shenglian Guo},
  title     = {Copulas and Its Application in Hydrology and Water Resources},
  year      = {2019},
  publisher = {Springer Nature Singapore Pte Ltd},
  series    = {Springer Water},
  isbn      = {978-981-13-0573-3},
  doi       = {10.1007/978-981-13-0574-0},
  url       = {https://doi.org/10.1007/978-981-13-0574-0},
  address   = {Singapore}
}


@article{mishra2010,
  author  = {Mishra, Ashok K. and Singh, Vijay P.},
  title   = {A Review of Drought Concepts},
  year    = {2010},
  journal = {Water Resources Management},
  volume  = {24},
  pages   = {263--284},
  doi     = {10.1007/s11269-010-9627-2}
}

@article{serinaldi2009,
  author  = {Serinaldi, Francesco},
  title   = {Drought analysis based on SPI and copulas},
  year    = {2009},
  journal = {Water Resources Management},
  volume  = {23},
  pages   = {1199--1213},
  doi     = {10.1007/s11269-009-9507-7}
}

@article{song2010,
  author  = {Song, X. and Singh, Vijay P.},
  title   = {Drought interval time modeling using copulas},
  year    = {2010},
  journal = {Journal of Hydrology},
  volume  = {381},
  pages   = {142--154},
  doi     = {10.1016/j.jhydrol.2010.08.036}
}

@book{bernal2010metodologia,
  author    = {Bernal, C.},
  title     = {Metodología de la investigación: Administración, economía, humanidades y ciencias sociales},
  year      = {2010},
  publisher = {Pearson Educación}
}







@book{carrasco2005metodologia,
  author    = {Carrasco, S.},
  title     = {Metodología de La Investigación Científica},
  year      = {2005},
  publisher = {Editorial Universitaria}
}

@incollection{dayal2020development,
  author    = {Dayal, K. S. and Deo, R. C. and Apan, A. A.},
  title     = {Development of copula-statistical drought prediction model using the Standardized Precipitation-Evapotranspiration Index},
  booktitle = {Handbook of Probabilistic Models},
  pages     = {141--178},
  publisher = {Elsevier},
  year      = {2020},
  doi       = {10.1016/B978-0-12-816514-0.00006-0}
}

@article{hanade2022modelling,
  author  = {Hanadé Houmma, I. and El Mansouri, L. and Gadal, S. and Garba, M. and Hadria, R.},
  title   = {Modelling agricultural drought: A review of latest advances in big data technologies},
  journal = {Geomatics, Natural Hazards and Risk},
  volume  = {13},
  number  = {1},
  pages   = {2737--2776},
  year    = {2022},
  doi     = {10.1080/19475705.2022.2131471}
}
@book{coles2017definition,
  title     = {Definition of Drought},
  author    = {Coles, Neil A. and Eslamian, Saeid},
  year      = {2017},
  publisher = {CRC Press}
}

@book{goyal2017hydrological,
  title     = {Hydrological Drought: Water Surface and Duration Curve Indices},
  author    = {Goyal, Manish Kumar and Gupta, Vivek and Eslamian, Saeid},
  year      = {2017},
  publisher = {CRC Press}
}

% Agrega el resto de las referencias necesarias aquí
@article{Wu2022ShorttermAD,
  title   = {Predicción de sequía agrícola a corto plazo basada en regresión cuantil de cópula D-vine en una superficie no congelada y sin nieve, China},
  author  = {Tianhui Wu and Jianjun Bai and Hongzhu Han},
  journal = {Geocarto International},
  year    = {2022},
  volume  = {37},
  pages   = {9320 - 9338},
  url     = {https://api.semanticscholar.org/CorpusID:246407539}
}


@article{zhang2006,
  author  = {Zhang, L. and Singh, V.P.},
  title   = {Bivariate frequency analysis using the copula method},
  journal = {Hydrological Processes},
  year    = {2006},
  volume  = {20},
  pages   = {897--912}
}

@article{gumbel1960,
  author  = {Gumbel, E.J.},
  title   = {Multivariate extreme distribution},
  journal = {Bulletin of the International Statistical Institute},
  year    = {1960},
  volume  = {39},
  number  = {2},
  pages   = {471--475}
}

@article{ali1978,
  author  = {Ali, M.M. and Mikhail, N.N. and Haq, M.S.},
  title   = {A class of bivariate distributions including the bivariate logistic},
  journal = {Journal of Multivariate Analysis},
  year    = {1978},
  volume  = {8},
  number  = {3},
  pages   = {405--412}
}

@article{joe1993,
  author  = {Joe, H.},
  title   = {Parametric families of multivariate distributions with given margins},
  journal = {Journal of Multivariate Analysis},
  year    = {1993},
  volume  = {46},
  number  = {2},
  pages   = {262--282}
}
@thesis{Arriaga2024,
  author  = {Arriaga, V.},
  title   = {Estimación de parámetros fisicoquímicos para evaluar la calidad de agua en la laguna de Pacucha mediante geoestadística, 2023},
  year    = {2024},
  school  = {Universidad Continental},
  address = {Huancayo, Perú},
  url     = {https://hdl.handle.net/20.500.12394/16104}
}

@article{wang2022,
  author  = {Wang, H. and Zhu, Y. and Qin, T. and Zhang, X.},
  year    = {2022},
  title   = {Study on the propagation probability characteristics and prediction model of meteorological drought to hydrological drought in basin based on copula function},
  journal = {Frontiers in Earth Science},
  volume  = {10},
  doi     = {10.3389/feart.2022.961871}
}


@article{alizadeh2025,
  author  = {Alizadeh-Sh, R. and Safavi, H. R. and Nikoo, M. R.},
  title   = {Análisis multivariado de la frecuencia de sequías en Irán basado en nuevas estructuras de cópula arquimediana heterogéneas y homogéneas},
  journal = {Theor Appl Climatol},
  volume  = {156},
  pages   = {172},
  year    = {2025},
  doi     = {10.1007/s00704-025-05375-5},
  url     = {https://doi.org/10.1007/s00704-025-05375-5}
}

@article{pontes2020,
  author  = {Pontes Hijo, João Dehon and Souza Filho, Francisco de Assis and Martins, Eduardo Sávio Passos Rodrigues and Studart, Ticiana Marinho de Carvalho},
  title   = {Análisis de frecuencias multivariadas basado en cópulas de la sequía de 2012-2018 en el nordeste de Brasil},
  journal = {Agua},
  volume  = {12},
  number  = {3},
  pages   = {834},
  year    = {2020},
  doi     = {10.3390/w12030834},
  url     = {https://doi.org/10.3390/w12030834}
}

@article{olusegun2023,
  author    = {Olusegun, Christiana Funmilola and Ogunjo, Samuel and Olusola, Adeyemi},
  title     = {Evolución y modelización de la duración y la gravedad de las sequías en África mediante modelos climáticos regionales CORDEX-CORE},
  journal   = {International Journal of Climatology},
  year      = {2023},
  doi       = {10.1002/joc.8049},
  url       = {https://doi.org/10.1002/joc.8049}
}

@inproceedings{Zhang2024,
  author    = {Rui Zhang},
  title     = {Construcción de un modelo de predicción de sequías basado en algoritmos de aprendizaje automático mediante una máquina de vectores de soporte de datos meteorológicos},
  booktitle = {Segunda Conferencia Internacional sobre Redes, Multimedia y Tecnologías de la Información (NMITCON)},
  year      = {2024},
  publisher = {IEEE},
  pages     = {1-5},
  doi       = {10.1109/NMITCON62075.2024.10699072},
  url       = {https://consensus.app/papers/construction-of-a-meteorological-data-support-vector-zhang/fa1cfe2d87f156e08757049425c5672f/?utm_source=chatgpt}
}

@article{Li2021,title={Robust Meteorological Drought Prediction Using Antecedent SST Fluctuations and Machine Learning},author={Jun Li and Zhaoli Wang and Xushu Wu and Chong-yu Xu and Shenglian Guo and Xiaohong Chen and Zhenxing Zhang},journal={Water Resources Research},year={2021},volume={57},doi={10.1029/2020WR029413}}

@phdthesis{Cabrera2023,
  author    = {Cabrera, W. J.},
  title     = {Modelamiento de sequías agrícolas en la región sur del Perú mediante el uso de funciones cópula},
  school    = {Universidad Nacional Agraria La Molina},
  year      = {2023},
  url       = {https://repositorio.senamhi.gob.pe/item/07}
}

@article{Cabrera2021,
  author    = {Cabrera, J. and Mejía, J. and Guevara-Pérez, E.},
  title     = {Modelación probabilística de la relación entre ENSO y sequías agrícolas en el sur de Perú},
  journal   = {Revista Ingeniería UC},
  volume    = {28},
  number    = {1},
  pages     = {59-68},
  year      = {2021},
  doi       = {10.54139/revinguc.v28i1.13}
}

@inproceedings{Cabrera2019,
  author    = {Cabrera, J. W.},
  title     = {Relación entre la ocurrencia de sequía y el fenómeno Enso en el sur del Perú: un análisis de cópulas},
  booktitle = {38th IAHR World Congress},
  pages     = {3750--3756},
  year      = {2019},
  doi       = {10.3850/38WC092019-0161}
}

@phdthesis{Vega2016,
  author    = {Vega-Jácome, Fiorella},
  title     = {Análisis del riesgo de sequía en el sur del Perú},
  school    = {Universidad Nacional Agraria La Molina},
  year      = {2016},
  url       = {https://hdl.handle.net//20.500.12542/108}
}

@book{supo2024,
  author    = { Supo, José Antonio},
  title     = {Metodología de la Investigación Científica},
  publisher = {BIOESTADISTICO EEDU EIRL},
  year      = {2024},
  edition   = {Cuarta Edición},
  isbn      = {9798325698521},
  address   = {Paucarpata, Arequipa, Perú},
  note      = {Hecho el depósito legal en la Biblioteca Nacional del Perú N° 2024-04-4788}
}

@article{VerHoef2002,
  author = {Ver Hoef, Jay M.},
  title = {Sampling and geostatistics for spatial data},
  journal = {Ecoscience},
  volume = {9},
  number = {2},
  pages = {152--161},
  year = {2002},
  publisher = {Taylor \& Francis},
  doi = {10.1080/11956860.2002.11682701}
}

@article{kernel,
 ISSN = {10170405, 19968507},
 URL = {https://www.jstor.org/stable/26563253},
 abstract = {Inference and prediction in quantile regression for longitudinal data are challenging without parametric distributional assumptions. We propose a new semiparametric approach that uses copula to account for intra-subject dependence and approximates the marginal distributions of longitudinal measurements, given covariates, through regression of quantiles. The proposed method is flexible, and it can provide not only efficient estimation of quantile regression coefficients but also prediction intervals for a new subject given the prior measurements and covariates. The properties of the proposed estimator and prediction are established theoretically, and assessed numerically through a simulation study and the analysis of a nursing home data.},
 author = {Huixia Judy Wang and Xingdong Feng and Chen Dong},
 journal = {Statistica Sinica},
 number = {1},
 pages = {245--264},
 publisher = {Institute of Statistical Science, Academia Sinica},
 title = {COPULA-BASED QUANTILE REGRESSION FOR LONGITUDINAL DATA},
 urldate = {2025-03-09},
 volume = {29},
 year = {2019}
}

@misc{fao2024,
    title = {Informe Mundial sobre Crisis Alimentarias 2024},
    author = {{Organización de las Naciones Unidas para la Alimentación y la Agricultura (FAO)}},
    year = {2024},
    publisher = {FAO},
    address = {Roma, Italia},
    url = {https://www.fao.org}
}



@article{grigg1969,
  author    = {Grigg, N. S.},
  title     = {The Definition and Causes of Drought},
  journal   = {Journal of Hydrology},
  volume    = {3},
  number    = {1},
  pages     = {1--22},
  year      = {1969}
}

@book{lamb1972,
  author    = {Lamb, H. H.},
  title     = {Droughts: The History of a Meteorological Concept},
  journal   = {Nature},
  volume    = {237},
  number    = {5356},
  pages     = {104--106},
  year      = {1972}
}

@book{palmer1965,
  author    = {Palmer, W. C.},
  title     = {Meteorological Drought},
  publisher = {U.S. Department of Commerce, Weather Bureau},
  year      = {1965},
  series    = {Research Paper No. 45}
}

@book{wilhite2000,
  author    = {Wilhite, D. A.},
  title     = {Drought as a Natural Hazard: Concepts and Definitions},
  editor    = {Drought: A Global Assessment, Volume 1},
  publisher = {Routledge},
  year      = {2000},
  pages     = {3--18}
}

@article{vicente2010,
  author = {Serrano, S. M. and Begueria, S. and Lopez-Moreno, J. I.},
  title = {A multiscalar drought index sensitive to global warming: The standardized precipitation evapotranspiration index},
  journal = {Journal of Climate},
  year = {2010},
  volume = {23},
  pages = {1696--1718},
  doi = {10.1175/2009JCLI2909.1}
}

@article{nohegar2013,
  author    = {Nohegar, A. and Heydarzadeh, M. and Malekian, A.},
  title     = {Assessment of Severity of Droughts Using Geostatistics Method (Case Study: Southern Iran)},
  journal   = {DESERT},
  volume    = {18},
  number    = {1},
  pages     = {79--87},
  year      = {2013}
}
@book{joe2015,
  author    = {Joe, Harry},
  title     = {Dependence Modeling with Copulas},
  publisher = {CRC Press},
  year      = {2015},
  isbn      = {9781466583221}
}
@article{terzi2025,
  author = {Terzi, Tolga Barış and Önöz, Bihrat},
  title = {Advanced drought analysis using a novel copula-based multivariate index: a case study of the {C}eyhan {R}iver {B}asin},
  journal = {Sustainable Water Resources Management},
  volume = {11},
  number = {11},
  pages = {1--19},
  year = {2025},
  publisher = {Springer Nature Switzerland AG},
  doi = {10.1007/s40899-025-01189-5}
}
@article{Esit2023,
  author = {Esit, Musa and Yuce, Mehmet Ishak},
  title = {Copula-based bivariate drought severity and duration frequency analysis considering spatial–temporal variability in the Ceyhan Basin, Turkey},
  journal = {Theoretical and Applied Climatology},
  volume = {151},
  pages = {1113--1131},
  year = {2023},
  publisher = {Springer Nature},
  doi = {10.1007/s00704-022-04317-9}
}
@article{Samadian2024,
  author = {Samadian, Morteza and Asadi, Esmaeil and Ghorbani, Mohammad Ali and Ahmadi, Farshad},
  title = {Joint analysis of drought affected by climate change in Zarinehrood watershed, Iran, using copula functions},
  journal = {Acta Geophysica},
  volume = {72},
  pages = {3631--3645},
  year = {2024},
  doi = {10.1007/s11600-024-01306-6},
  publisher = {Springer Nature}
}
@article{Eskandaripour2025,
  author = {Eskandaripour, Mehrtash and Soltaninia, Shahrokh},
  title = {Trivariate frequency analysis of droughts characteristics in Kerman city using asymmetric copula functions},
  journal = {Natural Hazards},
  year = {2025},
  publisher = {Springer Nature B.V.},
  doi = {10.1007/s11069-025-07194-3}
}
@article{Menna2022,
  author = {Menna, Biniyam Yisehak and Mesfin, Henok Shiferaw and Gebrekidan, Atkilt Girma and Siyum, Zenebe Girmay and Tegene, Melaku Takele},
  title = {Meteorological drought analysis using copula theory for the case of upper Tekeze river basin, Northern Ethiopia},
  journal = {Theoretical and Applied Climatology},
  volume = {149},
  pages = {621--638},
  year = {2022},
  publisher = {Springer},
  doi = {10.1007/s00704-022-04061-0}
}
@article{Hasan2022,
  author = {Hasan, Ihsan F. and Abdullah, Rozi},
  title = {Agricultural drought characteristics analysis using copula},
  journal = {Water Resources Management},
  volume = {36},
  pages = {5915--5930},
  year = {2022},
  publisher = {Springer Nature B.V.},
  doi = {10.1007/s11269-022-03331-w}
}
@article{Kiafar2020,
  author = {Kiafar, Hamed and Babazadeh, Hossein and Sedghi, Hossein and Saremi, Ali},
  title = {Analyzing drought characteristics using copula-based genetic algorithm method},
  journal = {Arabian Journal of Geosciences},
  volume = {13},
  number = {745},
  pages = {1--13},
  year = {2020},
  publisher = {Springer},
  doi = {10.1007/s12517-020-05703-1}
}
@article{Terzi2025,
  author = {Terzi, Tolga Barış and Önöz, Bihrat},
  title = {Drought analysis based on nonparametric multivariate standardized drought index in the Seyhan River Basin},
  journal = {Natural Hazards},
  year = {2025},
  doi = {10.1007/s11069-025-07234-y},
  publisher = {Springer}
}
@article{Aon2024,
  author = {Aon, Suvro and Biswas, Sujata},
  title = {Spatially distributed bivariate meteorological drought analysis using copula technique in a semi-arid river basin of West Bengal, India},
  journal = {Theoretical and Applied Climatology},
  volume = {155},
  pages = {2885--2901},
  year = {2024},
  doi = {10.1007/s00704-023-04790-w},
  publisher = {Springer}
}
@article{Yang2022,
  author = {Yang, X. and Li, Y. P. and Huang, G. H. and Zhang, S. Q.},
  title = {Analyzing spatial–temporal change of multivariate drought risk based on Bayesian copula: Application to the Balkhash Lake basin},
  journal = {Theoretical and Applied Climatology},
  volume = {149},
  pages = {787--804},
  year = {2022},
  doi = {10.1007/s00704-022-04062-z},
  publisher = {Springer}
}
@article{Parvaze2025,
  author = {Parvaze, Sabah and Kumar, Rohitashw and Mirabbasi, Rasoul and Allaie, Saqib Parvaze},
  title = {Drought severity index analysis using the copula-based joint deficit index in greater Himalayas of India},
  journal = {Theoretical and Applied Climatology},
  volume = {156},
  pages = {217},
  year = {2025},
  doi = {10.1007/s00704-025-05449-4},
  publisher = {Springer}
}
@article{Dehghannik2021,
  author = {Dehghannik, Maryam and Kavianpour, Mohammad Reza and Moazami, Saber},
  title = {Spatial analysis of meteorological and hydrological drought characteristics using Copula model},
  journal = {Environmental Earth Sciences},
  volume = {80},
  pages = {802},
  year = {2021},
  doi = {10.1007/s12665-021-09868-0},
  publisher = {Springer}
}
@article{Shaw2023,
  author = {Shaw, Balaram and Chithra, N R},
  title = {Copula-based multivariate analysis of hydro-meteorological drought},
  journal = {Theoretical and Applied Climatology},
  volume = {153},
  pages = {475--493},
  year = {2023},
  doi = {10.1007/s00704-023-04478-1},
  publisher = {Springer}
}
@article{Alizadeh2025,
  author = {Alizadeh-Sh, Reza and Safavi, Hamid R. and Nikoo, Mohammad Reza},
  title = {Iran’s multivariate drought frequency analysis based on novel heterogeneous and homogeneous Archimedean copula structures},
  journal = {Theoretical and Applied Climatology},
  volume = {156},
  pages = {172},
  year = {2025},
  doi = {10.1007/s00704-025-05375-5},
  publisher = {Springer}
}
@article{Bazrafshan2023,
  author = {Bazrafshan, Ommolbanin and Zamani, Hossein and Mozaffari, Elham and Azhdari, Zahra and Shekari, Marzieh},
  title = {Trivariate risk analysis of meteorological drought in Iran under climate change scenarios},
  journal = {Meteorology and Atmospheric Physics},
  volume = {135},
  pages = {52},
  year = {2023},
  doi = {10.1007/s00703-023-00988-9},
  publisher = {Springer}
}
@article{Deger2023,
  author    = {İbrahim Halil Deger and Musa Esit and Mehmet Ishak Yüce},
  title     = {Univariate and Bivariate Hydrological Drought Frequency Analysis by Copula Functions},
  journal   = {Water Resources Management},
  volume    = {37},
  number    = {15},
  pages     = {4881--4907},
  year      = {2023},
  publisher = {Springer},
  doi       = {10.1007/s11269-023-03586-x}
}

@article{Jincy2023,
  author = {Jincy Rose M.A. and Chithra N.R.},
  title = {Application of Copulas in Hydrometeorological Drought Risk Analysis Under Climate Change Scenarios: a Case Study},
  journal = {Water Resources Management},
  volume = {37},
  pages = {5399--5429},
  year = {2023},
  doi = {10.1007/s11269-023-03612-y},
  publisher = {Springer}
}
@article{Kim2025,
  author = {Kim, Sang Ug and Seo, Dong-Il},
  title = {Comparison of the drought return periods by univariate, bivariate probability distribution, and copula function under SSPs scenarios},
  journal = {Theoretical and Applied Climatology},
  volume = {156},
  pages = {67},
  year = {2025},
  doi = {10.1007/s00704-024-05248-3},
  publisher = {Springer}
}
@article{Isfahani2022,
  author    = {Poria Mohit Isfahani and Saeid Soltani and Reza Modarres},
  title     = {Assessing agrometeorological drought trends in Iran during 1985--2018},
  journal   = {Theoretical and Applied Climatology},
  volume    = {150},
  pages     = {251--262},
  year      = {2022},
  doi       = {10.1007/s00704-022-04159-5},
  publisher = {Springer}
}
@article{Shahbeygi2025,
  author    = {Narjes Shahbeygi and Bahareh Pirzadeh and Jamshid Piri},
  title     = {Evolution of drought characteristics using a new combined joint multivariate index based on the copula function},
  journal   = {Natural Hazards},
  year      = {2025},
  doi       = {10.1007/s11069-025-07191-6},
  publisher = {Springer Nature}
}
@article{Jahannemaei2023,
  author    = {Neshat Jahannemaei and Payam Khosravinia and Hadi Sanikhani and Rasoul Mirabbasi},
  title     = {Toward analyzing meteorological droughts in western Iran: a multivariate approach based on vine copulas},
  journal   = {Natural Hazards},
  volume    = {116},
  number    = {2},
  pages     = {1903--1929},
  year      = {2023},
  doi       = {10.1007/s11069-022-05747-4},
  publisher = {Springer Nature}
}

@article{Shao2025,
  author    = {Junbo Shao and Jingcai Wang and Dawei Zhu and Jiaolong He and Wenyue Wang and Bin Wu and Gengxi Zhang},
  title     = {Three-dimensional identification of drought events and copula-based multivariate meteorological drought risk probability assessment in the Huai River Basin, China},
  journal   = {Theoretical and Applied Climatology},
  volume    = {156},
  pages     = {90},
  year      = {2025},
  doi       = {10.1007/s00704-024-05318-6},
  publisher = {Springer}
}
@article{Zhu2025,
  author    = {Shuang Zhu and Wenying Huang and Yan Wei and Jun Guo and Hui Qin},
  title     = {Impact of driving factors on drought propagation: perspectives on rainfall deficit and excessive evaporation},
  journal   = {Climate Dynamics},
  volume    = {63},
  pages     = {204},
  year      = {2025},
  doi       = {10.1007/s00382-025-07618-7},
  publisher = {Springer}
}
@article{Hasan2023b,
  author    = {Ihsan F. Hasan and Rozi Abdullah},
  title     = {Multivariate index for monitoring drought (case study, Northeastern of Iraq)},
  journal   = {Natural Hazards},
  volume    = {116},
  pages     = {3817--3837},
  year      = {2023},
  doi       = {10.1007/s11069-023-05837-x},
  publisher = {Springer}
}
@article{Gorugantula2025,
  author    = {Sai Srinivas Gorugantula and BVN P. Kambhammettu and Srirangam Jhansi Lakshmi and Satish Kumar Regonda},
  title     = {Multivariate drought indices to analyse spatiotemporal drought propagation in a semi-arid river basin},
  journal   = {Theoretical and Applied Climatology},
  volume    = {156},
  pages     = {36},
  year      = {2025},
  doi       = {10.1007/s00704-024-05236-7},
  publisher = {Springer}
}
